<?xml version="1.0" encoding="UTF-8"?><collection xmlns="http://www.loc.gov/MARC21/slim"><record><leader>00314nam--2200133-i-4500</leader><controlfield tag="001">000049027</controlfield><controlfield tag="002">20161230</controlfield><controlfield tag="005">20161230201047</controlfield><controlfield tag="008">060222s1000------------r-----000-0-eng-d</controlfield><datafield ind1=" " ind2=" " tag="080"><subfield code="a">621.317.7</subfield></datafield><datafield ind1=" " ind2=" " tag="100"><subfield code="a">Akselrod,Z.M</subfield></datafield><datafield ind1=" " ind2=" " tag="245"><subfield code="a">Elektromehanicheskie chasy</subfield></datafield><datafield ind1=" " ind2=" " tag="260"><subfield code="a">Moskva, Mashgiz, 1952. 313 S</subfield></datafield><datafield ind1=" " ind2=" " tag="852"><subfield code="a">26207</subfield></datafield></record></collection>